@ARTICLE{REF,
author = "REF",
title="REF",
journal = "REF",
year="REF"
}

@article{Netlibwebsite,
 title="Livermore Loops coded in {C}",
 key="Livermore Loops coded in {C}",
 url="http://www.netlib.org/benchmark/livermorec",
 journal="http://www.netlib.org/benchmark/livermorec",
 }

@techreport{ burger96evaluating,
    author = "Doug Burger and Todd M. Austin and Steve Bennett",
    title = "Evaluating Future Microprocessors: The {S}imple{S}calar Tool Set",
    number = "CS-TR-1996-1308",
    year = "1996",
    url = "citeseer.nj.nec.com/burger96evaluating.html" }


@InProceedings{Charlesworth01,
  author = 	 {A. Charlesworth},
  title = 	 {The {Sun} {Fireplane} System Interconnect},
  OPTcrossref =  {},
  OPTkey = 	 {},
  booktitle = {Proc. of Supercomputing, SC-2001},
  OPTpages = 	 {},
  year = 	 {2001},
  OPTeditor = 	 {},
  OPTvolume = 	 {},
  OPTnumber = 	 {},
  OPTseries = 	 {},
  OPTaddress = 	 {},
  month = 	 nov,
  OPTorganization = {},
  OPTpublisher = {},
  OPTnote = 	 {},
  OPTannote = 	 {}
}

@Misc{ShawSuperdome,
  OPTkey = 	 {},
  author = 	 {Mark E. Shaw},
  title = 	 {Superdome},
  howpublished = {Interex Enterprise Solutions. http://www.interex.org/pubcontent/enterprise/ sep01/frame\_usr.html},
  month = 	 sep,
  year = 	 {2001},
  OPTnote = 	 {},
  OPTannote = 	 {}
}

@PhdThesis{Asanovic,
  author = 	 {Krste Asanovic},
  title = 	 {Vector Microprocessors},
  school = 	 {U. of California, Berkeley},
  year = 	 1998
}


@Article{MCSBarrier,
  author = 	 {J. M. Mellor-Crummey and M. L. Scott},
  title = 	 {Algorithms for scalable synchronization on shared-memory multiprocessors},
  journal = 	 {ACM Trans. on Comp. Sys.},
  year = 	 {1991},
  volume = 	 {9},
  number = 	 {1},
  pages = 	 {21--65},
  month = 	 feb
}

@InProceedings{PolyBarrier,
  author = 	 {C. J. Beckmann and C. D. Polychronopoulos},
  title = 	 {Fast Barrier Synchronization Hardware},
  OPTcrossref =  {},
  OPTkey = 	 {},
  booktitle = {Proc. Conf. on Supercomputing},
  pages = 	 {180--189},
  year = 	 1990,
  OPTeditor = 	 {},
  OPTvolume = 	 {},
  OPTnumber = 	 {},
  OPTseries = 	 {},
  OPTaddress = 	 {New York},
  OPTmonth = 	 {},
  OPTorganization = {},
  OPTpublisher = {},
  OPTnote = 	 {},
  OPTannote = 	 {}
}



@Misc{EEMBC,
  OPTkey = 	 {},
  author = 	 {Embedded Microprocessor Benchmark Consortium},
  OPTtitle = 	 {},
  howpublished = {{\tt www.eembc.org}},
  OPTmonth = 	 {},
  OPTyear = 	 {},
  OPTnote = 	 {},
  OPTannote = 	 {}
}

@article{Kardashev,
 author={Wikipedia},
 year={2008},
 title={Kardeshev Scale},
 key={Kardashev Scale},
 url={http://en.wikipedia.org/wiki/Kardashev\_scale},
 journal={http://en.wikipedia.org/wiki/Kardashev\_scale},
 }
